@ARTICLE{2021ApJ...910L...9N,
       author = {{Nugroho}, Stevanus K. and {Kawahara}, Hajime and {Gibson}, Neale P. and {de Mooij}, Ernst J.~W. and {Hirano}, Teruyuki and {Kotani}, Takayuki and {Kawashima}, Yui and {Masuda}, Kento and {Brogi}, Matteo and {Birkby}, Jayne L. and {Watson}, Chris A. and {Tamura}, Motohide and {Zwintz}, Konstanze and {Harakawa}, Hiroki and {Kudo}, Tomoyuki and {Kuzuhara}, Masayuki and {Hodapp}, Klaus and {Ishizuka}, Masato and {Jacobson}, Shane and {Konishi}, Mihoko and {Kurokawa}, Takashi and {Nishikawa}, Jun and {Omiya}, Masashi and {Serizawa}, Takuma and {Ueda}, Akitoshi and {Vievard}, S{\'e}bastien},
        title = "{First Detection of Hydroxyl Radical Emission from an Exoplanet Atmosphere: High-dispersion Characterization of WASP-33b Using Subaru/IRD}",
      journal = {The Astrophysical Journal},
     keywords = {Exoplanet atmospheres, Exoplanet atmospheric composition, High resolution spectroscopy, 487, 2021, 2096, Astrophysics - Earth and Planetary Astrophysics},
         year = 2021,
        month = mar,
       volume = {910},
       number = {1},
          eid = {L9},
        pages = {L9},
          doi = {10.3847/2041-8213/abec71},
archivePrefix = {arXiv},
       eprint = {2103.03094},
 primaryClass = {astro-ph.EP},
       adsurl = {https://ui.adsabs.harvard.edu/abs/2021ApJ...910L...9N},
      adsnote = {Provided by the SAO/NASA Astrophysics Data System}
}

@ARTICLE{2021Natur.592..205G,
       author = {{Giacobbe}, Paolo and {Brogi}, Matteo and {Gandhi}, Siddharth and {Cubillos}, Patricio E. and {Bonomo}, Aldo S. and {Sozzetti}, Alessandro and {Fossati}, Luca and {Guilluy}, Gloria and {Carleo}, Ilaria and {Rainer}, Monica and {Harutyunyan}, Avet and {Borsa}, Francesco and {Pino}, Lorenzo and {Nascimbeni}, Valerio and {Benatti}, Serena and {Biazzo}, Katia and {Bignamini}, Andrea and {Chubb}, Katy L. and {Claudi}, Riccardo and {Cosentino}, Rosario and {Covino}, Elvira and {Damasso}, Mario and {Desidera}, Silvano and {Fiorenzano}, Aldo F.~M. and {Ghedina}, Adriano and {Lanza}, Antonino F. and {Leto}, Giuseppe and {Maggio}, Antonio and {Malavolta}, Luca and {Maldonado}, Jesus and {Micela}, Giuseppina and {Molinari}, Emilio and {Pagano}, Isabella and {Pedani}, Marco and {Piotto}, Giampaolo and {Poretti}, Ennio and {Scandariato}, Gaetano and {Yurchenko}, Sergei N. and {Fantinel}, Daniela and {Galli}, Alberto and {Lodi}, Marcello and {Sanna}, Nicoletta and {Tozzi}, Andrea},
        title = "{Five carbon- and nitrogen-bearing species in a hot giant planet's atmosphere}",
      journal = {Nature},
     keywords = {Astrophysics - Earth and Planetary Astrophysics, Astrophysics - Solar and Stellar Astrophysics},
         year = 2021,
        month = jan,
       volume = {592},
       number = {7853},
        pages = {205-208},
          doi = {10.1038/s41586-021-03381-x},
archivePrefix = {arXiv},
       eprint = {2104.03352},
 primaryClass = {astro-ph.EP},
       adsurl = {https://ui.adsabs.harvard.edu/abs/2021Natur.592..205G},
      adsnote = {Provided by the SAO/NASA Astrophysics Data System}
}

@ARTICLE{2018ApJ...863L..11H,
       author = {{Hawker}, George A. and {Madhusudhan}, Nikku and {Cabot}, Samuel H.~C. and {Gandhi}, Siddharth},
        title = "{Evidence for Multiple Molecular Species in the Hot Jupiter HD 209458b}",
      journal = {The Astrophysical Journal},
     keywords = {methods: data analysis, planets and satellites: atmospheres, techniques: spectroscopic, Astrophysics - Earth and Planetary Astrophysics},
         year = 2018,
        month = aug,
       volume = {863},
       number = {1},
          eid = {L11},
        pages = {L11},
          doi = {10.3847/2041-8213/aac49d},
archivePrefix = {arXiv},
       eprint = {1808.03645},
 primaryClass = {astro-ph.EP},
       adsurl = {https://ui.adsabs.harvard.edu/abs/2018ApJ...863L..11H},
      adsnote = {Provided by the SAO/NASA Astrophysics Data System}
}

@ARTICLE{2017AJ....154..221N,
       author = {{Nugroho}, Stevanus K. and {Kawahara}, Hajime and {Masuda}, Kento and {Hirano}, Teruyuki and {Kotani}, Takayuki and {Tajitsu}, Akito},
        title = "{High-resolution Spectroscopic Detection of TiO and a Stratosphere in the Day-side of WASP-33b}",
      journal = {The Astronomical Journal},
     keywords = {planets and satellites: atmospheres, planets and satellites: composition, planets and satellites: individual (WASP-33b), techniques: spectroscopic, Astrophysics - Earth and Planetary Astrophysics},
         year = 2017,
        month = dec,
       volume = {154},
       number = {6},
          eid = {221},
        pages = {221},
          doi = {10.3847/1538-3881/aa9433},
archivePrefix = {arXiv},
       eprint = {1710.05276},
 primaryClass = {astro-ph.EP},
       adsurl = {https://ui.adsabs.harvard.edu/abs/2017AJ....154..221N},
      adsnote = {Provided by the SAO/NASA Astrophysics Data System}
}

@ARTICLE{2017Natur.549..238S,
       author = {{Sedaghati}, Elyar and {Boffin}, Henri M.~J. and {MacDonald}, Ryan J. and {Gandhi}, Siddharth and {Madhusudhan}, Nikku and {Gibson}, Neale P. and {Oshagh}, Mahmoudreza and {Claret}, Antonio and {Rauer}, Heike},
        title = "{Detection of titanium oxide in the atmosphere of a hot Jupiter}",
      journal = {Nature},
     keywords = {Astrophysics - Earth and Planetary Astrophysics},
         year = 2017,
        month = sep,
       volume = {549},
       number = {7671},
        pages = {238-241},
          doi = {10.1038/nature23651},
archivePrefix = {arXiv},
       eprint = {1709.04118},
 primaryClass = {astro-ph.EP},
       adsurl = {https://ui.adsabs.harvard.edu/abs/2017Natur.549..238S},
      adsnote = {Provided by the SAO/NASA Astrophysics Data System}
}

@ARTICLE{2015ApJ...814...66K,
       author = {{Kreidberg}, Laura and {Line}, Michael R. and {Bean}, Jacob L. and {Stevenson}, Kevin B. and {D{\'e}sert}, Jean-Michel and {Madhusudhan}, Nikku and {Fortney}, Jonathan J. and {Barstow}, Joanna K. and {Henry}, Gregory W. and {Williamson}, Michael H. and {Showman}, Adam P.},
        title = "{A Detection of Water in the Transmission Spectrum of the Hot Jupiter WASP-12b and Implications for Its Atmospheric Composition}",
      journal = {The Astrophysical Journal},
     keywords = {planets and satellites: atmospheres, planets and satellites: composition, planets and satellites: individual: WASP-12b, Astrophysics - Earth and Planetary Astrophysics},
         year = 2015,
        month = nov,
       volume = {814},
       number = {1},
          eid = {66},
        pages = {66},
          doi = {10.1088/0004-637X/814/1/66},
archivePrefix = {arXiv},
       eprint = {1504.05586},
 primaryClass = {astro-ph.EP},
       adsurl = {https://ui.adsabs.harvard.edu/abs/2015ApJ...814...66K},
      adsnote = {Provided by the SAO/NASA Astrophysics Data System}
}

@ARTICLE{2015ApJ...806..146H,
       author = {{Haynes}, Korey and {Mandell}, Avi M. and {Madhusudhan}, Nikku and {Deming}, Drake and {Knutson}, Heather},
        title = "{Spectroscopic Evidence for a Temperature Inversion in the Dayside Atmosphere of Hot Jupiter WASP-33b}",
      journal = {The Astrophysical Journal},
     keywords = {eclipses, planetary systems, techniques: photometric, techniques: spectroscopic, Astrophysics - Earth and Planetary Astrophysics},
         year = 2015,
        month = jun,
       volume = {806},
       number = {2},
          eid = {146},
        pages = {146},
          doi = {10.1088/0004-637X/806/2/146},
archivePrefix = {arXiv},
       eprint = {1505.01490},
 primaryClass = {astro-ph.EP},
       adsurl = {https://ui.adsabs.harvard.edu/abs/2015ApJ...806..146H},
      adsnote = {Provided by the SAO/NASA Astrophysics Data System}
}

@ARTICLE{2015ApJ...804...61B,
       author = {{Barman}, Travis S. and {Konopacky}, Quinn M. and {Macintosh}, Bruce and {Marois}, Christian},
        title = "{Simultaneous Detection of Water, Methane, and Carbon Monoxide in the Atmosphere of Exoplanet HR8799b}",
      journal = {The Astrophysical Journal},
     keywords = {brown dwarfs, planetary systems, stars: atmospheres, stars: low-mass, Astrophysics - Earth and Planetary Astrophysics},
         year = 2015,
        month = may,
       volume = {804},
       number = {1},
          eid = {61},
        pages = {61},
          doi = {10.1088/0004-637X/804/1/61},
archivePrefix = {arXiv},
       eprint = {1503.03539},
 primaryClass = {astro-ph.EP},
       adsurl = {https://ui.adsabs.harvard.edu/abs/2015ApJ...804...61B},
      adsnote = {Provided by the SAO/NASA Astrophysics Data System}
}

@ARTICLE{2014A&A...572A..73L,
       author = {{Lanotte}, A.~A. and {Gillon}, M. and {Demory}, B. -O. and {Fortney}, J.~J. and {Astudillo}, N. and {Bonfils}, X. and {Magain}, P. and {Delfosse}, X. and {Forveille}, T. and {Lovis}, C. and {Mayor}, M. and {Neves}, V. and {Pepe}, F. and {Queloz}, D. and {Santos}, N. and {Udry}, S.},
        title = "{A global analysis of Spitzer and new HARPS data confirms the loneliness and metal-richness of GJ 436 b}",
      journal = {Astronomy and Astrophysics},
     keywords = {techniques: photometric, techniques: radial velocities, planetary systems, infrared: general, stars: individual: GJ436, Astrophysics - Earth and Planetary Astrophysics},
         year = 2014,
        month = dec,
       volume = {572},
          eid = {A73},
        pages = {A73},
          doi = {10.1051/0004-6361/201424373},
archivePrefix = {arXiv},
       eprint = {1409.4038},
 primaryClass = {astro-ph.EP},
       adsurl = {https://ui.adsabs.harvard.edu/abs/2014A&A...572A..73L},
      adsnote = {Provided by the SAO/NASA Astrophysics Data System}
}

@ARTICLE{2014ApJ...793L..27K,
       author = {{Kreidberg}, Laura and {Bean}, Jacob L. and {D{\'e}sert}, Jean-Michel and {Line}, Michael R. and {Fortney}, Jonathan J. and {Madhusudhan}, Nikku and {Stevenson}, Kevin B. and {Showman}, Adam P. and {Charbonneau}, David and {McCullough}, Peter R. and {Seager}, Sara and {Burrows}, Adam and {Henry}, Gregory W. and {Williamson}, Michael and {Kataria}, Tiffany and {Homeier}, Derek},
        title = "{A Precise Water Abundance Measurement for the Hot Jupiter WASP-43b}",
      journal = {The Astrophysical Journal},
     keywords = {planets and satellites: atmospheres, planets and satellites: composition, planets and satellites: individual: WASP-43b, Astrophysics - Earth and Planetary Astrophysics},
         year = 2014,
        month = oct,
       volume = {793},
       number = {2},
          eid = {L27},
        pages = {L27},
          doi = {10.1088/2041-8205/793/2/L27},
archivePrefix = {arXiv},
       eprint = {1410.2255},
 primaryClass = {astro-ph.EP},
       adsurl = {https://ui.adsabs.harvard.edu/abs/2014ApJ...793L..27K},
      adsnote = {Provided by the SAO/NASA Astrophysics Data System}
}

@ARTICLE{2014ApJ...791...36S,
       author = {{Stevenson}, Kevin B. and {Bean}, Jacob L. and {Madhusudhan}, Nikku and {Harrington}, Joseph},
        title = "{Deciphering the Atmospheric Composition of WASP-12b: A Comprehensive Analysis of its Dayside Emission}",
      journal = {The Astrophysical Journal},
     keywords = {planetary systems, stars: individual: WASP-12, techniques: photometric, techniques: spectroscopic, Astrophysics - Earth and Planetary Astrophysics},
         year = 2014,
        month = aug,
       volume = {791},
       number = {1},
          eid = {36},
        pages = {36},
          doi = {10.1088/0004-637X/791/1/36},
archivePrefix = {arXiv},
       eprint = {1406.7567},
 primaryClass = {astro-ph.EP},
       adsurl = {https://ui.adsabs.harvard.edu/abs/2014ApJ...791...36S},
      adsnote = {Provided by the SAO/NASA Astrophysics Data System}
}

@ARTICLE{2014ApJ...783L..29L,
       author = {{Lockwood}, Alexandra C. and {Johnson}, John A. and {Bender}, Chad F. and {Carr}, John S. and {Barman}, Travis and {Richert}, Alexander J.~W. and {Blake}, Geoffrey A.},
        title = "{Near-IR Direct Detection of Water Vapor in Tau Bo{\"o}tis b}",
      journal = {The Astrophysical Journal},
     keywords = {planets and satellites: atmospheres, techniques: spectroscopic, Astrophysics - Earth and Planetary Astrophysics},
         year = 2014,
        month = mar,
       volume = {783},
       number = {2},
          eid = {L29},
        pages = {L29},
          doi = {10.1088/2041-8205/783/2/L29},
archivePrefix = {arXiv},
       eprint = {1402.0846},
 primaryClass = {astro-ph.EP},
       adsurl = {https://ui.adsabs.harvard.edu/abs/2014ApJ...783L..29L},
      adsnote = {Provided by the SAO/NASA Astrophysics Data System}
}

@ARTICLE{2013ApJ...774...95D,
       author = {{Deming}, Drake and {Wilkins}, Ashlee and {McCullough}, Peter and {Burrows}, Adam and {Fortney}, Jonathan J. and {Agol}, Eric and {Dobbs-Dixon}, Ian and {Madhusudhan}, Nikku and {Crouzet}, Nicolas and {Desert}, Jean-Michel and {Gilliland}, Ronald L. and {Haynes}, Korey and {Knutson}, Heather A. and {Line}, Michael and {Magic}, Zazralt and {Mandell}, Avi M. and {Ranjan}, Sukrit and {Charbonneau}, David and {Clampin}, Mark and {Seager}, Sara and {Showman}, Adam P.},
        title = "{Infrared Transmission Spectroscopy of the Exoplanets HD 209458b and XO-1b Using the Wide Field Camera-3 on the Hubble Space Telescope}",
      journal = {The Astrophysical Journal},
     keywords = {planetary systems, planets and satellites: atmospheres, techniques: photometric, techniques: spectroscopic, Astrophysics - Earth and Planetary Astrophysics},
         year = 2013,
        month = sep,
       volume = {774},
       number = {2},
          eid = {95},
        pages = {95},
          doi = {10.1088/0004-637X/774/2/95},
archivePrefix = {arXiv},
       eprint = {1302.1141},
 primaryClass = {astro-ph.EP},
       adsurl = {https://ui.adsabs.harvard.edu/abs/2013ApJ...774...95D},
      adsnote = {Provided by the SAO/NASA Astrophysics Data System}
}

@ARTICLE{2011ApJ...733...65B,
       author = {{Barman}, Travis S. and {Macintosh}, Bruce and {Konopacky}, Quinn M. and {Marois}, Christian},
        title = "{Clouds and Chemistry in the Atmosphere of Extrasolar Planet HR8799b}",
      journal = {The Astrophysical Journal},
     keywords = {brown dwarfs, planetary systems, stars: atmospheres, stars: low-mass, Astrophysics - Earth and Planetary Astrophysics},
         year = 2011,
        month = may,
       volume = {733},
       number = {1},
          eid = {65},
        pages = {65},
          doi = {10.1088/0004-637X/733/1/65},
archivePrefix = {arXiv},
       eprint = {1103.3895},
 primaryClass = {astro-ph.EP},
       adsurl = {https://ui.adsabs.harvard.edu/abs/2011ApJ...733...65B},
      adsnote = {Provided by the SAO/NASA Astrophysics Data System}
}

@ARTICLE{2011Natur.469...64M,
       author = {{Madhusudhan}, Nikku and {Harrington}, Joseph and {Stevenson}, Kevin B. and {Nymeyer}, Sarah and {Campo}, Christopher J. and {Wheatley}, Peter J. and {Deming}, Drake and {Blecic}, Jasmina and {Hardy}, Ryan A. and {Lust}, Nate B. and {Anderson}, David R. and {Collier-Cameron}, Andrew and {Britt}, Christopher B.~T. and {Bowman}, William C. and {Hebb}, Leslie and {Hellier}, Coel and {Maxted}, Pierre F.~L. and {Pollacco}, Don and {West}, Richard G.},
        title = "{A high C/O ratio and weak thermal inversion in the atmosphere of exoplanet WASP-12b}",
      journal = {Nature},
     keywords = {Astrophysics - Earth and Planetary Astrophysics, Astrophysics - Solar and Stellar Astrophysics},
         year = 2011,
        month = jan,
       volume = {469},
       number = {7328},
        pages = {64-67},
          doi = {10.1038/nature09602},
archivePrefix = {arXiv},
       eprint = {1012.1603},
 primaryClass = {astro-ph.EP},
       adsurl = {https://ui.adsabs.harvard.edu/abs/2011Natur.469...64M},
      adsnote = {Provided by the SAO/NASA Astrophysics Data System}
}

@ARTICLE{2010Natur.464.1161S,
       author = {{Stevenson}, Kevin B. and {Harrington}, Joseph and {Nymeyer}, Sarah and {Madhusudhan}, Nikku and {Seager}, Sara and {Bowman}, William C. and {Hardy}, Ryan A. and {Deming}, Drake and {Rauscher}, Emily and {Lust}, Nate B.},
        title = "{Possible thermochemical disequilibrium in the atmosphere of the exoplanet GJ 436b}",
      journal = {Nature},
     keywords = {Astrophysics - Earth and Planetary Astrophysics, Physics - Atmospheric and Oceanic Physics},
         year = 2010,
        month = apr,
       volume = {464},
       number = {7292},
        pages = {1161-1164},
          doi = {10.1038/nature09013},
archivePrefix = {arXiv},
       eprint = {1010.4591},
 primaryClass = {astro-ph.EP},
       adsurl = {https://ui.adsabs.harvard.edu/abs/2010Natur.464.1161S},
      adsnote = {Provided by the SAO/NASA Astrophysics Data System}
}

@ARTICLE{2008Natur.452..329S,
       author = {{Swain}, Mark R. and {Vasisht}, Gautam and {Tinetti}, Giovanna},
        title = "{The presence of methane in the atmosphere of an extrasolar planet}",
      journal = {Nature},
         year = 2008,
        month = mar,
       volume = {452},
       number = {7185},
        pages = {329-331},
          doi = {10.1038/nature06823},
       adsurl = {https://ui.adsabs.harvard.edu/abs/2008Natur.452..329S},
      adsnote = {Provided by the SAO/NASA Astrophysics Data System}
}

@ARTICLE{2007Natur.448..169T,
       author = {{Tinetti}, Giovanna and {Vidal-Madjar}, Alfred and {Liang}, Mao-Chang and {Beaulieu}, Jean-Philippe and {Yung}, Yuk and {Carey}, Sean and {Barber}, Robert J. and {Tennyson}, Jonathan and {Ribas}, Ignasi and {Allard}, Nicole and {Ballester}, Gilda E. and {Sing}, David K. and {Selsis}, Franck},
        title = "{Water vapour in the atmosphere of a transiting extrasolar planet}",
      journal = {Nature},
         year = 2007,
        month = jul,
       volume = {448},
       number = {7150},
        pages = {169-171},
          doi = {10.1038/nature06002},
       adsurl = {https://ui.adsabs.harvard.edu/abs/2007Natur.448..169T},
      adsnote = {Provided by the SAO/NASA Astrophysics Data System}
}

