@ARTICLE{2018A&A...616L...5P,
       author = {{Phuong}, N.~T. and {Chapillon}, E. and {Majumdar}, L. and {Dutrey}, A. and {Guilloteau}, S. and {Pi{\'e}tu}, V. and {Wakelam}, V. and {Diep}, P.~N. and {Tang}, Y. -W. and {Beck}, T. and {Bary}, J.},
        title = "{First detection of H$_{2}$S in a protoplanetary disk. The dense GG Tauri A ring}",
      journal = {Astronomy and Astrophysics},
     keywords = {protoplanetary disks, molecular data, astrochemistry, stars: individual: GG Tau, Astrophysics - Solar and Stellar Astrophysics, Astrophysics - Astrophysics of Galaxies},
         year = 2018,
        month = aug,
       volume = {616},
          eid = {L5},
        pages = {L5},
          doi = {10.1051/0004-6361/201833766},
archivePrefix = {arXiv},
       eprint = {1808.00652},
 primaryClass = {astro-ph.SR},
       adsurl = {https://ui.adsabs.harvard.edu/abs/2018A&A...616L...5P},
      adsnote = {Provided by the SAO/NASA Astrophysics Data System}
}

@ARTICLE{2018ApJ...862L...2F,
       author = {{Favre}, C{\'e}cile and {Fedele}, Davide and {Semenov}, Dmitry and {Parfenov}, Sergey and {Codella}, Claudio and {Ceccarelli}, Cecilia and {Bergin}, Edwin A. and {Chapillon}, Edwige and {Testi}, Leonardo and {Hersant}, Franck and {Lefloch}, Bertrand and {Fontani}, Francesco and {Blake}, Geoffrey A. and {Cleeves}, L. Ilsedore and {Qi}, Chunhua and {Schwarz}, Kamber R. and {Taquet}, Vianney},
        title = "{First Detection of the Simplest Organic Acid in a Protoplanetary Disk}",
      journal = {The Astrophysical Journal},
     keywords = {astrochemistry, ISM: molecules, protoplanetary disks, radio lines: ISM, stars: individual: TW Hya, Astrophysics - Solar and Stellar Astrophysics, Astrophysics - Astrophysics of Galaxies},
         year = 2018,
        month = jul,
       volume = {862},
       number = {1},
          eid = {L2},
        pages = {L2},
          doi = {10.3847/2041-8213/aad046},
archivePrefix = {arXiv},
       eprint = {1807.05768},
 primaryClass = {astro-ph.SR},
       adsurl = {https://ui.adsabs.harvard.edu/abs/2018ApJ...862L...2F},
      adsnote = {Provided by the SAO/NASA Astrophysics Data System}
}

@ARTICLE{2018A&A...614A..26A,
       author = {{Artur de la Villarmois}, Elizabeth and {Kristensen}, Lars E. and {J{\o}rgensen}, Jes K. and {Bergin}, Edwin A. and {Brinch}, Christian and {Frimann}, S{\o}ren and {Harsono}, Daniel and {Sakai}, Nami and {Yamamoto}, Satoshi},
        title = "{Chemistry of a newly detected circumbinary disk in Ophiuchus}",
      journal = {Astronomy and Astrophysics},
     keywords = {ISM: individual objects: Oph-IRS67, ISM: molecules, stars: formation, protoplanetary disks, astrochemistry, Astrophysics - Solar and Stellar Astrophysics, Astrophysics - Astrophysics of Galaxies},
         year = 2018,
        month = jun,
       volume = {614},
          eid = {A26},
        pages = {A26},
          doi = {10.1051/0004-6361/201731603},
archivePrefix = {arXiv},
       eprint = {1802.09286},
 primaryClass = {astro-ph.SR},
       adsurl = {https://ui.adsabs.harvard.edu/abs/2018A&A...614A..26A},
      adsnote = {Provided by the SAO/NASA Astrophysics Data System}
}

@ARTICLE{2017A&A...603L...6H,
       author = {{Hily-Blant}, P. and {Magalhaes}, V. and {Kastner}, J. and {Faure}, A. and {Forveille}, T. and {Qi}, C.},
        title = "{Direct evidence of multiple reservoirs of volatile nitrogen in a protosolar nebula analogue}",
      journal = {Astronomy and Astrophysics},
     keywords = {astrochemistry, ISM: abundances, galaxies: abundances, Galaxy: evolution, comets: general, Astrophysics - Astrophysics of Galaxies, Astrophysics - Earth and Planetary Astrophysics},
         year = 2017,
        month = jul,
       volume = {603},
          eid = {L6},
        pages = {L6},
          doi = {10.1051/0004-6361/201730524},
archivePrefix = {arXiv},
       eprint = {1706.10095},
 primaryClass = {astro-ph.GA},
       adsurl = {https://ui.adsabs.harvard.edu/abs/2017A&A...603L...6H},
      adsnote = {Provided by the SAO/NASA Astrophysics Data System}
}

@ARTICLE{2016A&A...591A.122S,
       author = {{Salinas}, Vachail N. and {Hogerheijde}, Michiel R. and {Bergin}, Edwin A. and {Cleeves}, L. Ilsedore and {Brinch}, Christian and {Blake}, Geoffrey A. and {Lis}, Dariusz C. and {Melnick}, Gary J. and {Pani{\'c}}, Olja and {Pearson}, John C. and {Kristensen}, Lars and {Y{\i}ld{\i}z}, Umut A. and {van Dishoeck}, Ewine F.},
        title = "{First detection of gas-phase ammonia in a planet-forming disk. NH$_{3}$, N$_{2}$H$^{+}$, and H$_{2}$O in the disk around TW Hydrae}",
      journal = {Astronomy and Astrophysics},
     keywords = {protoplanetary disks, astrochemistry, stars: individual: TW Hya, Astrophysics - Solar and Stellar Astrophysics, Astrophysics - Earth and Planetary Astrophysics, Astrophysics - Astrophysics of Galaxies},
         year = 2016,
        month = jun,
       volume = {591},
          eid = {A122},
        pages = {A122},
          doi = {10.1051/0004-6361/201628172},
archivePrefix = {arXiv},
       eprint = {1604.00323},
 primaryClass = {astro-ph.SR},
       adsurl = {https://ui.adsabs.harvard.edu/abs/2016A&A...591A.122S},
      adsnote = {Provided by the SAO/NASA Astrophysics Data System}
}

@ARTICLE{2016ApJ...823L..10W,
       author = {{Walsh}, Catherine and {Loomis}, Ryan A. and {{\"O}berg}, Karin I. and {Kama}, Mihkel and {van 't Hoff}, Merel L.~R. and {Millar}, Tom J. and {Aikawa}, Yuri and {Herbst}, Eric and {Widicus Weaver}, Susanna L. and {Nomura}, Hideko},
        title = "{First Detection of Gas-phase Methanol in a Protoplanetary Disk}",
      journal = {The Astrophysical Journal},
     keywords = {astrochemistry, protoplanetary disks, stars: individual: TW Hya, stars: pre-main sequence, submillimeter: planetary systems, Astrophysics - Earth and Planetary Astrophysics, Astrophysics - Solar and Stellar Astrophysics},
         year = 2016,
        month = may,
       volume = {823},
       number = {1},
          eid = {L10},
        pages = {L10},
          doi = {10.3847/2041-8205/823/1/L10},
archivePrefix = {arXiv},
       eprint = {1606.06492},
 primaryClass = {astro-ph.EP},
       adsurl = {https://ui.adsabs.harvard.edu/abs/2016ApJ...823L..10W},
      adsnote = {Provided by the SAO/NASA Astrophysics Data System}
}

@ARTICLE{2015ApJ...814...53G,
       author = {{Guzm{\'a}n}, V.~V. and {{\"O}berg}, K.~I. and {Loomis}, R. and {Qi}, C.},
        title = "{Cyanide Photochemistry and Nitrogen Fractionation in the MWC 480 Disk}",
      journal = {The Astrophysical Journal},
     keywords = {astrochemistry, ISM: molecules, protoplanetary disks, radio lines: ISM, techniques: high angular resolution, Astrophysics - Solar and Stellar Astrophysics},
         year = 2015,
        month = nov,
       volume = {814},
       number = {1},
          eid = {53},
        pages = {53},
          doi = {10.1088/0004-637X/814/1/53},
archivePrefix = {arXiv},
       eprint = {1511.03313},
 primaryClass = {astro-ph.SR},
       adsurl = {https://ui.adsabs.harvard.edu/abs/2015ApJ...814...53G},
      adsnote = {Provided by the SAO/NASA Astrophysics Data System}
}

@ARTICLE{2015ApJ...809L..26H,
       author = {{Huang}, Jane and {{\"O}berg}, Karin I.},
        title = "{Detection of N$_{2}$D$^{+}$ in a Protoplanetary Disk}",
      journal = {The Astrophysical Journal},
     keywords = {astrochemistry, ISM: molecules, protoplanetary disks, Astrophysics - Solar and Stellar Astrophysics},
         year = 2015,
        month = aug,
       volume = {809},
       number = {2},
          eid = {L26},
        pages = {L26},
          doi = {10.1088/2041-8205/809/2/L26},
archivePrefix = {arXiv},
       eprint = {1508.03637},
 primaryClass = {astro-ph.SR},
       adsurl = {https://ui.adsabs.harvard.edu/abs/2015ApJ...809L..26H},
      adsnote = {Provided by the SAO/NASA Astrophysics Data System}
}

@ARTICLE{2015Natur.520..198O,
       author = {{{\"O}berg}, Karin I. and {Guzm{\'a}n}, Viviana V. and {Furuya}, Kenji and {Qi}, Chunhua and {Aikawa}, Yuri and {Andrews}, Sean M. and {Loomis}, Ryan and {Wilner}, David J.},
        title = "{The comet-like composition of a protoplanetary disk as revealed by complex cyanides}",
      journal = {Nature},
     keywords = {Astrophysics - Astrophysics of Galaxies, Astrophysics - Earth and Planetary Astrophysics},
         year = 2015,
        month = apr,
       volume = {520},
       number = {7546},
        pages = {198-201},
          doi = {10.1038/nature14276},
archivePrefix = {arXiv},
       eprint = {1505.06347},
 primaryClass = {astro-ph.GA},
       adsurl = {https://ui.adsabs.harvard.edu/abs/2015Natur.520..198O},
      adsnote = {Provided by the SAO/NASA Astrophysics Data System}
}

@ARTICLE{2013ApJ...776L..28G,
       author = {{Gibb}, Erika L. and {Horne}, David},
        title = "{Detection of CH$_{4}$ in the GV Tau N Protoplanetary Disk}",
      journal = {The Astrophysical Journal},
     keywords = {astrobiology, ISM: individual objects: GV Tau N, methods: observational, protoplanetary disks, techniques: spectroscopic},
         year = 2013,
        month = oct,
       volume = {776},
       number = {2},
          eid = {L28},
        pages = {L28},
          doi = {10.1088/2041-8205/776/2/L28},
       adsurl = {https://ui.adsabs.harvard.edu/abs/2013ApJ...776L..28G},
      adsnote = {Provided by the SAO/NASA Astrophysics Data System}
}

@ARTICLE{2013ApJ...765L..14Q,
       author = {{Qi}, Chunhua and {{\"O}berg}, Karin I. and {Wilner}, David J. and {Rosenfeld}, Katherine A.},
        title = "{First Detection of c-C$_{3}$H$_{2}$ in a Circumstellar Disk}",
      journal = {The Astrophysical Journal},
     keywords = {astrochemistry, ISM: molecules, protoplanetary disks, radio lines: ISM, stars: formation, techniques: high angular resolution, Astrophysics - Astrophysics of Galaxies},
         year = 2013,
        month = mar,
       volume = {765},
       number = {1},
          eid = {L14},
        pages = {L14},
          doi = {10.1088/2041-8205/765/1/L14},
archivePrefix = {arXiv},
       eprint = {1302.0251},
 primaryClass = {astro-ph.GA},
       adsurl = {https://ui.adsabs.harvard.edu/abs/2013ApJ...765L..14Q},
      adsnote = {Provided by the SAO/NASA Astrophysics Data System}
}

@ARTICLE{2013A&A...549A..92G,
       author = {{Guilloteau}, S. and {Di Folco}, E. and {Dutrey}, A. and {Simon}, M. and {Grosso}, N. and {Pi{\'e}tu}, V.},
        title = "{A sensitive survey for $^{13}$CO, CN, H$_{2}$CO, and SO in the disks of T Tauri and Herbig Ae stars}",
      journal = {Astronomy and Astrophysics},
     keywords = {radio lines: planetary systems, stars: pre-main sequence, circumstellar matter, protoplanetary disks, Astrophysics - Astrophysics of Galaxies},
         year = 2013,
        month = jan,
       volume = {549},
          eid = {A92},
        pages = {A92},
          doi = {10.1051/0004-6361/201220298},
archivePrefix = {arXiv},
       eprint = {1211.4776},
 primaryClass = {astro-ph.GA},
       adsurl = {https://ui.adsabs.harvard.edu/abs/2013A&A...549A..92G},
      adsnote = {Provided by the SAO/NASA Astrophysics Data System}
}

@ARTICLE{2013Natur.493..644B,
       author = {{Bergin}, Edwin A. and {Cleeves}, L. Ilsedore and {Gorti}, Uma and {Zhang}, Ke and {Blake}, Geoffrey A. and {Green}, Joel D. and {Andrews}, Sean M. and {Evans}, Neal J., II and {Henning}, Thomas and {{\"O}berg}, Karin and {Pontoppidan}, Klaus and {Qi}, Chunhua and {Salyk}, Colette and {van Dishoeck}, Ewine F.},
        title = "{An old disk still capable of forming a planetary system}",
      journal = {Nature},
     keywords = {Astrophysics - Solar and Stellar Astrophysics},
         year = 2013,
        month = jan,
       volume = {493},
       number = {7434},
        pages = {644-646},
          doi = {10.1038/nature11805},
archivePrefix = {arXiv},
       eprint = {1303.1107},
 primaryClass = {astro-ph.SR},
       adsurl = {https://ui.adsabs.harvard.edu/abs/2013Natur.493..644B},
      adsnote = {Provided by the SAO/NASA Astrophysics Data System}
}

@ARTICLE{2012A&A...548A..70G,
       author = {{Guilloteau}, S. and {Dutrey}, A. and {Wakelam}, V. and {Hersant}, F. and {Semenov}, D. and {Chapillon}, E. and {Henning}, T. and {Pi{\'e}tu}, V.},
        title = "{Chemistry in disks. VIII. The CS molecule as an analytic tracer of turbulence in disks}",
      journal = {Astronomy and Astrophysics},
     keywords = {protoplanetary disks, radio lines: planetary systems, radio lines: stars, circumstellar matter, Astrophysics - Astrophysics of Galaxies},
         year = 2012,
        month = dec,
       volume = {548},
          eid = {A70},
        pages = {A70},
          doi = {10.1051/0004-6361/201220331},
archivePrefix = {arXiv},
       eprint = {1211.4969},
 primaryClass = {astro-ph.GA},
       adsurl = {https://ui.adsabs.harvard.edu/abs/2012A&A...548A..70G},
      adsnote = {Provided by the SAO/NASA Astrophysics Data System}
}

@ARTICLE{2012ApJ...756...58C,
       author = {{Chapillon}, Edwige and {Dutrey}, Anne and {Guilloteau}, St{\'e}phane and {Pi{\'e}tu}, Vincent and {Wakelam}, Valentine and {Hersant}, Franck and {Gueth}, Fr{\'e}deric and {Henning}, Thomas and {Launhardt}, Ralf and {Schreyer}, Katharina and {Semenov}, Dmitry},
        title = "{Chemistry in Disks. VII. First Detection of HC$_{3}$N in Protoplanetary Disks}",
      journal = {The Astrophysical Journal},
     keywords = {circumstellar matter, protoplanetary disks, radio lines: stars, stars: individual: DM Tau LkCa 15 GO Tau MWC 480, Astrophysics - Solar and Stellar Astrophysics, Astrophysics - Astrophysics of Galaxies},
         year = 2012,
        month = sep,
       volume = {756},
       number = {1},
          eid = {58},
        pages = {58},
          doi = {10.1088/0004-637X/756/1/58},
archivePrefix = {arXiv},
       eprint = {1207.2682},
 primaryClass = {astro-ph.SR},
       adsurl = {https://ui.adsabs.harvard.edu/abs/2012ApJ...756...58C},
      adsnote = {Provided by the SAO/NASA Astrophysics Data System}
}

@ARTICLE{2011Sci...334..338H,
       author = {{Hogerheijde}, Michiel R. and {Bergin}, Edwin A. and {Brinch}, Christian and {Cleeves}, L. Ilsedore and {Fogel}, Jeffrey K.~J. and {Blake}, Geoffrey A. and {Dominik}, Carsten and {Lis}, Dariusz C. and {Melnick}, Gary and {Neufeld}, David and {Pani{\'c}}, Olja and {Pearson}, John C. and {Kristensen}, Lars and {Y{\i}ld{\i}z}, Umut A. and {van Dishoeck}, Ewine F.},
        title = "{Detection of the Water Reservoir in a Forming Planetary System}",
      journal = {Science},
     keywords = {ASTRONOMY, Astrophysics - Solar and Stellar Astrophysics, Astrophysics - Earth and Planetary Astrophysics},
         year = 2011,
        month = oct,
       volume = {334},
       number = {6054},
        pages = {338},
          doi = {10.1126/science.1208931},
archivePrefix = {arXiv},
       eprint = {1110.4600},
 primaryClass = {astro-ph.SR},
       adsurl = {https://ui.adsabs.harvard.edu/abs/2011Sci...334..338H},
      adsnote = {Provided by the SAO/NASA Astrophysics Data System}
}

@ARTICLE{2011A&A...530L...2T,
       author = {{Thi}, W. -F. and {M{\'e}nard}, F. and {Meeus}, G. and {Martin-Za{\"\i}di}, C. and {Woitke}, P. and {Tatulli}, E. and {Benisty}, M. and {Kamp}, I. and {Pascucci}, I. and {Pinte}, C. and {Grady}, C.~A. and {Brittain}, S. and {White}, G.~J. and {Howard}, C.~D. and {Sandell}, G. and {Eiroa}, C.},
        title = "{Detection of CH$^{+}$ emission from the disc around HD 100546}",
      journal = {Astronomy and Astrophysics},
     keywords = {protoplanetary disks, astrochemistry, Astrophysics - Astrophysics of Galaxies},
         year = 2011,
        month = jun,
       volume = {530},
          eid = {L2},
        pages = {L2},
          doi = {10.1051/0004-6361/201116678},
archivePrefix = {arXiv},
       eprint = {1104.2283},
 primaryClass = {astro-ph.GA},
       adsurl = {https://ui.adsabs.harvard.edu/abs/2011A&A...530L...2T},
      adsnote = {Provided by the SAO/NASA Astrophysics Data System}
}

@ARTICLE{2010A&A...524A..19F,
       author = {{Fuente}, A. and {Cernicharo}, J. and {Ag{\'u}ndez}, M. and {Bern{\'e}}, O. and {Goicoechea}, J.~R. and {Alonso-Albi}, T. and {Marcelino}, N.},
        title = "{Molecular content of the circumstellar disk in AB Aurigae. First detection of SO in a circumstellar disk}",
      journal = {Astronomy and Astrophysics},
     keywords = {stars: formation, stars: individual: AB Aur, stars: pre-main sequence, stars: variables: T Tauri, Herbig Ae/Be, circumstellar matter, protoplanetary disks, Astrophysics - Astrophysics of Galaxies},
         year = 2010,
        month = dec,
       volume = {524},
          eid = {A19},
        pages = {A19},
          doi = {10.1051/0004-6361/201014905},
archivePrefix = {arXiv},
       eprint = {1009.5597},
 primaryClass = {astro-ph.GA},
       adsurl = {https://ui.adsabs.harvard.edu/abs/2010A&A...524A..19F},
      adsnote = {Provided by the SAO/NASA Astrophysics Data System}
}

@ARTICLE{2009ApJ...701..163S,
       author = {{Smith}, Rachel L. and {Pontoppidan}, Klaus M. and {Young}, Edward D. and {Morris}, Mark R. and {van Dishoeck}, Ewine F.},
        title = "{High-Precision C$^{17}$O, C$^{18}$O, and C$^{16}$O Measurements in Young Stellar Objects: Analogues for Co Self-shielding in the Early Solar System}",
      journal = {The Astrophysical Journal},
     keywords = {astrochemistry, circumstellar matter, ISM: abundances, planetary systems: protoplanetary disks, stars: individual: VV CrA Reipurth 50, Astrophysics - Earth and Planetary Astrophysics},
         year = 2009,
        month = aug,
       volume = {701},
       number = {1},
        pages = {163-175},
          doi = {10.1088/0004-637X/701/1/163},
archivePrefix = {arXiv},
       eprint = {0906.1024},
 primaryClass = {astro-ph.EP},
       adsurl = {https://ui.adsabs.harvard.edu/abs/2009ApJ...701..163S},
      adsnote = {Provided by the SAO/NASA Astrophysics Data System}
}

@ARTICLE{2008ApJ...681.1396Q,
       author = {{Qi}, Chunhua and {Wilner}, David J. and {Aikawa}, Yuri and {Blake}, Geoffrey A. and {Hogerheijde}, Michiel R.},
        title = "{Resolving the Chemistry in the Disk of TW Hydrae. I. Deuterated Species}",
      journal = {The Astrophysical Journal},
     keywords = {circumstellar matter, comets: general, ISM: molecules, planetary systems: protoplanetary disks, stars: individual: TW Hydrae, stars: pre-main sequence, Astrophysics},
         year = 2008,
        month = jul,
       volume = {681},
       number = {2},
        pages = {1396-1407},
          doi = {10.1086/588516},
archivePrefix = {arXiv},
       eprint = {0803.2753},
 primaryClass = {astro-ph},
       adsurl = {https://ui.adsabs.harvard.edu/abs/2008ApJ...681.1396Q},
      adsnote = {Provided by the SAO/NASA Astrophysics Data System}
}

@ARTICLE{2008ApJ...681L..25M,
       author = {{Mandell}, Avi M. and {Mumma}, Michael J. and {Blake}, Geoffrey A. and {Bonev}, Boncho P. and {Villanueva}, Geronimo L. and {Salyk}, Colette},
        title = "{Discovery of OH in Circumstellar Disks around Young Intermediate-Mass Stars}",
      journal = {The Astrophysical Journal},
     keywords = {circumstellar matter, infrared: stars, molecular processes, planetary systems: formation, planetary systems: protoplanetary disks, stars: pre-main sequence, Astrophysics},
         year = 2008,
        month = jul,
       volume = {681},
       number = {1},
        pages = {L25},
          doi = {10.1086/590180},
archivePrefix = {arXiv},
       eprint = {0805.3502},
 primaryClass = {astro-ph},
       adsurl = {https://ui.adsabs.harvard.edu/abs/2008ApJ...681L..25M},
      adsnote = {Provided by the SAO/NASA Astrophysics Data System}
}

@ARTICLE{2008ApJ...676L..49S,
       author = {{Salyk}, Colette and {Pontoppidan}, Klaus M. and {Blake}, Geoffrey A. and {Lahuis}, Fred and {van Dishoeck}, Ewine F. and {Evans}, Neal J., II},
        title = "{H$_{2}$O and OH Gas in the Terrestrial Planet-forming Zones of Protoplanetary Disks}",
      journal = {The Astrophysical Journal},
     keywords = {astrochemistry, circumstellar matter, ISM: molecules, planetary systems: protoplanetary disks, Astrophysics},
         year = 2008,
        month = mar,
       volume = {676},
       number = {1},
        pages = {L49},
          doi = {10.1086/586894},
archivePrefix = {arXiv},
       eprint = {0802.0037},
 primaryClass = {astro-ph},
       adsurl = {https://ui.adsabs.harvard.edu/abs/2008ApJ...676L..49S},
      adsnote = {Provided by the SAO/NASA Astrophysics Data System}
}

@ARTICLE{2008Sci...319.1504C,
       author = {{Carr}, John S. and {Najita}, Joan R.},
        title = "{Organic Molecules and Water in the Planet Formation Region of Young Circumstellar Disks}",
      journal = {Science},
     keywords = {ASTRONOMY},
         year = 2008,
        month = mar,
       volume = {319},
       number = {5869},
        pages = {1504},
          doi = {10.1126/science.1153807},
       adsurl = {https://ui.adsabs.harvard.edu/abs/2008Sci...319.1504C},
      adsnote = {Provided by the SAO/NASA Astrophysics Data System}
}

@ARTICLE{2007A&A...464..615D,
       author = {{Dutrey}, A. and {Henning}, T. and {Guilloteau}, S. and {Semenov}, D. and {Pi{\'e}tu}, V. and {Schreyer}, K. and {Bacmann}, A. and {Launhardt}, R. and {Pety}, J. and {Gueth}, F.},
        title = "{Chemistry in disks. I. Deep search for N2H$^{+}$ in the protoplanetary disks around LkCa 15, MWC 480, and DM Tauri}",
      journal = {Astronomy and Astrophysics},
     keywords = {stars: pre-main sequence, planetary systems: protoplanetary disks, submillimeter, Astrophysics},
         year = 2007,
        month = mar,
       volume = {464},
       number = {2},
        pages = {615-623},
          doi = {10.1051/0004-6361:20065385},
archivePrefix = {arXiv},
       eprint = {astro-ph/0612534},
 primaryClass = {astro-ph},
       adsurl = {https://ui.adsabs.harvard.edu/abs/2007A&A...464..615D},
      adsnote = {Provided by the SAO/NASA Astrophysics Data System}
}

@ARTICLE{2006ApJ...636L.145L,
       author = {{Lahuis}, F. and {van Dishoeck}, E.~F. and {Boogert}, A.~C.~A. and {Pontoppidan}, K.~M. and {Blake}, G.~A. and {Dullemond}, C.~P. and {Evans}, N.~J., II and {Hogerheijde}, M.~R. and {J{\o}rgensen}, J.~K. and {Kessler-Silacci}, J.~E. and {Knez}, C.},
        title = "{Hot Organic Molecules toward a Young Low-Mass Star: A Look at Inner Disk Chemistry}",
      journal = {The Astrophysical Journal},
     keywords = {Infrared: ISM, ISM: individual (IRS 46), ISM: Jets and Outflows, ISM: Molecules, Stars: Planetary Systems: Protoplanetary Disks, Stars: Formation, Astrophysics},
         year = 2006,
        month = jan,
       volume = {636},
       number = {2},
        pages = {L145-L148},
          doi = {10.1086/500084},
archivePrefix = {arXiv},
       eprint = {astro-ph/0511786},
 primaryClass = {astro-ph},
       adsurl = {https://ui.adsabs.harvard.edu/abs/2006ApJ...636L.145L},
      adsnote = {Provided by the SAO/NASA Astrophysics Data System}
}

@ARTICLE{2004ApJ...603..213C,
       author = {{Carr}, John S. and {Tokunaga}, Alan T. and {Najita}, Joan},
        title = "{Hot H$_{2}$O Emission and Evidence for Turbulence in the Disk of a Young Star}",
      journal = {The Astrophysical Journal},
     keywords = {Accretion, Accretion Disks, Stars: Circumstellar Matter, Infrared: Stars, Stars: Planetary Systems: Protoplanetary Disks, Stars: Formation, Stars: Pre-Main-Sequence, Astrophysics},
         year = 2004,
        month = mar,
       volume = {603},
       number = {1},
        pages = {213-220},
          doi = {10.1086/381356},
archivePrefix = {arXiv},
       eprint = {astro-ph/0312125},
 primaryClass = {astro-ph},
       adsurl = {https://ui.adsabs.harvard.edu/abs/2004ApJ...603..213C},
      adsnote = {Provided by the SAO/NASA Astrophysics Data System}
}

@ARTICLE{2003ApJ...597..986Q,
       author = {{Qi}, Chunhua and {Kessler}, Jacqueline E. and {Koerner}, David W. and {Sargent}, Anneila I. and {Blake}, Geoffrey A.},
        title = "{Continuum and CO/HCO$^{+}$ Emission from the Disk Around the T Tauri Star LkCa 15}",
      journal = {The Astrophysical Journal},
     keywords = {Stars: Circumstellar Matter, ISM: Molecules, Stars: Planetary Systems: Protoplanetary Disks, Radio Lines: Stars, Stars: Individual: Alphanumeric: LkCa 15, Astrophysics},
         year = 2003,
        month = nov,
       volume = {597},
       number = {2},
        pages = {986-997},
          doi = {10.1086/378494},
archivePrefix = {arXiv},
       eprint = {astro-ph/0307246},
 primaryClass = {astro-ph},
       adsurl = {https://ui.adsabs.harvard.edu/abs/2003ApJ...597..986Q},
      adsnote = {Provided by the SAO/NASA Astrophysics Data System}
}

@ARTICLE{2003A&A...400L...1V,
       author = {{van Dishoeck}, E.~F. and {Thi}, W. -F. and {van Zadelhoff}, G. -J.},
        title = "{Detection of DCO$^{+}$ in a circumstellar disk}",
      journal = {Astronomy and Astrophysics},
     keywords = {Astrophysics},
         year = 2003,
        month = mar,
       volume = {400},
        pages = {L1-L4},
          doi = {10.1051/0004-6361:20030091},
archivePrefix = {arXiv},
       eprint = {astro-ph/0301571},
 primaryClass = {astro-ph},
       adsurl = {https://ui.adsabs.harvard.edu/abs/2003A&A...400L...1V},
      adsnote = {Provided by the SAO/NASA Astrophysics Data System}
}

@ARTICLE{2001A&A...377..566V,
       author = {{van Zadelhoff}, G. -J. and {van Dishoeck}, E.~F. and {Thi}, W. -F. and {Blake}, G.~A.},
        title = "{Submillimeter lines from circumstellar disks around pre-main sequence stars}",
      journal = {Astronomy and Astrophysics},
     keywords = {STARS: CIRCUMSTELLAR MATTER, STARS: PRE-MAIN SEQUENCE, STARS: PLANETARY SYSTEMS: PROTOPLANETARY DISKS, ACCRETION, ACCRETION DISKS, Astrophysics},
         year = 2001,
        month = oct,
       volume = {377},
        pages = {566-580},
          doi = {10.1051/0004-6361:20011137},
archivePrefix = {arXiv},
       eprint = {astro-ph/0108375},
 primaryClass = {astro-ph},
       adsurl = {https://ui.adsabs.harvard.edu/abs/2001A&A...377..566V},
      adsnote = {Provided by the SAO/NASA Astrophysics Data System}
}

@ARTICLE{1999ApJ...521L..63T,
       author = {{Thi}, Wing-Fai and {van Dishoeck}, Ewine F. and {Blake}, Geoffrey A. and {van Zadelhoff}, Gerd-Jan and {Hogerheijde}, Michiel R.},
        title = "{Detection of H$_{2}$ Pure Rotational Line Emission from the GG Tauri Binary System}",
      journal = {The Astrophysical Journal},
     keywords = {STARS: CIRCUMSTELLAR MATTER, INFRARED: ISM: LINES AND BANDS, ISM: MOLECULES, MOLECULAR PROCESSES, STARS: INDIVIDUAL: CONSTELLATION NAME: GG TAURI, STARS: FORMATION, Stars: Circumstellar Matter, Infrared: ISM: Lines and Bands, ISM: Molecules, Molecular Processes, Stars: Individual: Constellation Name: GG Tauri, Stars: Formation, Astrophysics},
         year = 1999,
        month = aug,
       volume = {521},
       number = {1},
        pages = {L63-L66},
          doi = {10.1086/312171},
archivePrefix = {arXiv},
       eprint = {astro-ph/9906231},
 primaryClass = {astro-ph},
       adsurl = {https://ui.adsabs.harvard.edu/abs/1999ApJ...521L..63T},
      adsnote = {Provided by the SAO/NASA Astrophysics Data System}
}

@ARTICLE{1997A&A...317L..55D,
       author = {{Dutrey}, A. and {Guilloteau}, S. and {Guelin}, M.},
        title = "{Chemistry of protosolar-like nebulae: The molecular content of the DM Tau and GG Tau disks.}",
      journal = {Astronomy and Astrophysics},
     keywords = {STARS: T TAURI, BINARIES: CLOSE, CIRCUMSTELLAR MATTER, PRE-MAIN SEQUENCE, RADIO-LINES: STARS},
         year = 1997,
        month = jan,
       volume = {317},
        pages = {L55-L58},
       adsurl = {https://ui.adsabs.harvard.edu/abs/1997A&A...317L..55D},
      adsnote = {Provided by the SAO/NASA Astrophysics Data System}
}

@ARTICLE{1997Sci...277...67K,
       author = {{Kastner}, J.~H. and {Zuckerman}, B. and {Weintraub}, D.~A. and {Forveille}, T.},
        title = "{X-ray and molecular emission from the nearest region of recent star formation.}",
      journal = {Science},
     keywords = {Star-Forming Regions: X Rays, Star-Forming Regions: Molecules, Young Stars: Circumstellar Matter},
         year = 1997,
        month = jan,
       volume = {277},
        pages = {67-71},
          doi = {10.1126/science.277.5322.67},
       adsurl = {https://ui.adsabs.harvard.edu/abs/1997Sci...277...67K},
      adsnote = {Provided by the SAO/NASA Astrophysics Data System}
}

@ARTICLE{1994A&A...286..149D,
       author = {{Dutrey}, A. and {Guilloteau}, S. and {Simon}, M.},
        title = "{Images of the GG Tauri rotating ring}",
      journal = {Astronomy and Astrophysics},
     keywords = {STARS: GG TAU, BINARIES: CLOSE, CIRCUMSTELLAR MATTER, PRE-MAIN SEQUENCE, RADIO-LINES: STARS},
         year = 1994,
        month = jun,
       volume = {286},
        pages = {149-159},
       adsurl = {https://ui.adsabs.harvard.edu/abs/1994A&A...286..149D},
      adsnote = {Provided by the SAO/NASA Astrophysics Data System}
}

@ARTICLE{1992ApJ...391L..99B,
       author = {{Blake}, Geoffrey A. and {van Dishoeck}, Ewine F. and {Sargent}, Anneila I.},
        title = "{Chemistry in Circumstellar Disks: CS toward HL Tauri}",
      journal = {The Astrophysical Journal},
     keywords = {Interstellar Chemistry, Molecular Clouds, Pre-Main Sequence Stars, Stellar Envelopes, Cosmic Dust, Emission Spectra, Radiative Transfer, Stellar Mass, Stellar Spectrophotometry, Astrophysics, ISM: MOLECULES, STARS: CIRCUMSTELLAR MATTER, STARS: PRE--MAIN-SEQUENCE},
         year = 1992,
        month = jun,
       volume = {391},
        pages = {L99},
          doi = {10.1086/186407},
       adsurl = {https://ui.adsabs.harvard.edu/abs/1992ApJ...391L..99B},
      adsnote = {Provided by the SAO/NASA Astrophysics Data System}
}

@ARTICLE{1991AJ....102.2054O,
       author = {{Ohashi}, Nagayoshi and {Kawabe}, Ryohei and {Hayashi}, Masahiko and {Ishiguro}, Masato},
        title = "{Observations of 11 Protostellar Sources in Taurus With Nobeyama Millimeter Array: Growth of Circumstellar Disks}",
      journal = {The Astronomical Journal},
     keywords = {Millimeter Waves, Protostars, Radio Sources (Astronomy), T Tauri Stars, Accretion Disks, Infrared Astronomy Satellite, Stellar Envelopes, Astrophysics, STARS: CIRCUMSTELLAR SHELLS, STARS: RADIO RADIATION, STARS: PRE-MAIN-SEQUENCE},
         year = 1991,
        month = dec,
       volume = {102},
        pages = {2054},
          doi = {10.1086/116029},
       adsurl = {https://ui.adsabs.harvard.edu/abs/1991AJ....102.2054O},
      adsnote = {Provided by the SAO/NASA Astrophysics Data System}
}

@ARTICLE{1987ApJ...323..294S,
       author = {{Sargent}, Anneila I. and {Beckwith}, Steven},
        title = "{Kinematics of the Circumstellar Gas of HL Tauri and R Monocerotis}",
      journal = {The Astrophysical Journal},
     keywords = {Gas Dynamics, Millimeter Waves, Pre-Main Sequence Stars, Radio Spectra, Stellar Envelopes, Stellar Spectrophotometry, Astronomical Maps, Carbon Monoxide, Emission Spectra, Line Spectra, Molecular Spectra, Astrophysics, STARS: CIRCUMSTELLAR SHELLS, STARS: INDIVIDUAL CONSTELLATION NAME: HL TAURI, STARS: INDIVIDUAL CONSTELLATION NAME: R MONOCEROTIS, STARS: PRE--MAIN-SEQUENCE, PLANETS: FORMATION},
         year = 1987,
        month = dec,
       volume = {323},
        pages = {294},
          doi = {10.1086/165827},
       adsurl = {https://ui.adsabs.harvard.edu/abs/1987ApJ...323..294S},
      adsnote = {Provided by the SAO/NASA Astrophysics Data System}
}

@ARTICLE{1986ApJ...309..755B,
       author = {{Beckwith}, S. and {Sargent}, A.~I. and {Scoville}, N.~Z. and {Masson}, C.~R. and {Zuckerman}, B. and {Phillips}, T.~G.},
        title = "{Small-Scale Structure of the Circumstellar Gas of HL Tauri and R Monocerotis}",
      journal = {The Astrophysical Journal},
     keywords = {Pre-Main Sequence Stars, Stellar Envelopes, Carbon Monoxide, Continuous Spectra, Line Spectra, Mass Distribution, Astrophysics, STARS: CIRCUMSTELLAR SHELLS, STARS: INDIVIDUAL CONSTELLATION NAME: HL TAURI, STARS: INDIVIDUAL CONSTELLATION NAME: R MONOCEROTIS, STARS: PRE--MAIN-SEQUENCE},
         year = 1986,
        month = oct,
       volume = {309},
        pages = {755},
          doi = {10.1086/164645},
       adsurl = {https://ui.adsabs.harvard.edu/abs/1986ApJ...309..755B},
      adsnote = {Provided by the SAO/NASA Astrophysics Data System}
}

