@ARTICLE{2005A&A...441..249V,
       author = {{van Broekhuizen}, F.~A. and {Pontoppidan}, K.~M. and {Fraser}, H.~J. and {van Dishoeck}, E.~F.},
        title = "{A 3-5 {\ensuremath{\mu}}m VLT spectroscopic survey of embedded young low mass stars II. Solid OCN$^{-}$}",
      journal = {Astronomy and Astrophysics},
     keywords = {astrochemistry, line: identification, line: profiles, molecular data, ISM: abundances, ISM: lines and bands, Astrophysics},
         year = 2005,
        month = oct,
       volume = {441},
       number = {1},
        pages = {249-260},
          doi = {10.1051/0004-6361:20041711},
archivePrefix = {arXiv},
       eprint = {astro-ph/0508551},
 primaryClass = {astro-ph},
       adsurl = {https://ui.adsabs.harvard.edu/abs/2005A&A...441..249V},
      adsnote = {Provided by the SAO/NASA Astrophysics Data System}
}

@ARTICLE{2001A&A...376..254K,
       author = {{Keane}, J.~V. and {Tielens}, A.~G.~G.~M. and {Boogert}, A.~C.~A. and {Schutte}, W.~A. and {Whittet}, D.~C.~B.},
        title = "{Ice absorption features in the 5-8 {\ensuremath{\mu}}m region toward embedded protostars}",
      journal = {Astronomy and Astrophysics},
     keywords = {ISM: dust, extinction, ISM: molecules, ISM: abundances, infrared: ISM, stars: formation},
         year = 2001,
        month = sep,
       volume = {376},
        pages = {254-270},
          doi = {10.1051/0004-6361:20010936},
       adsurl = {https://ui.adsabs.harvard.edu/abs/2001A&A...376..254K},
      adsnote = {Provided by the SAO/NASA Astrophysics Data System}
}

@ARTICLE{1999A&A...343..966S,
       author = {{Schutte}, W.~A. and {Boogert}, A.~C.~A. and {Tielens}, A.~G.~G.~M. and {Whittet}, D.~C.~B. and {Gerakines}, P.~A. and {Chiar}, J.~E. and {Ehrenfreund}, P. and {Greenberg}, J.~M. and {van Dishoeck}, E.~F. and {de Graauw}, Th.},
        title = "{Weak ice absorption features at 7.24 and 7.41 MU M in the spectrum of the obscured young stellar object W 33A}",
      journal = {Astronomy and Astrophysics},
     keywords = {INFRARED: ISM: LINES AND BANDS, ISM: MOLECULES, ISM: ABUNDANCES, STARS: INDIVIDUAL: NGC 7538:IRS 9, STARS: INDIVIDUAL: W 33A, METHODS: LABORATORY},
         year = 1999,
        month = mar,
       volume = {343},
        pages = {966-976},
       adsurl = {https://ui.adsabs.harvard.edu/abs/1999A&A...343..966S},
      adsnote = {Provided by the SAO/NASA Astrophysics Data System}
}

@ARTICLE{1998ApJ...501L.105L,
       author = {{Lacy}, J.~H. and {Faraji}, H. and {Sandford}, S.~A. and {Allamandola}, L.~J.},
        title = "{Unraveling the 10 Micron ``Silicate'' Feature of Protostars: The Detection of Frozen Interstellar Ammonia}",
      journal = {The Astrophysical Journal},
     keywords = {ISM: ABUNDANCES, ISM: CLOUDS, ISM: MOLECULES, INFRARED: ISM: LINES AND BANDS, COMETS: GENERAL, Comets: General, ISM: Abundances, ISM: Clouds, ISM: Molecules, Infrared: ISM: Lines and Bands},
         year = 1998,
        month = jul,
       volume = {501},
       number = {1},
        pages = {L105-L109},
          doi = {10.1086/311452},
       adsurl = {https://ui.adsabs.harvard.edu/abs/1998ApJ...501L.105L},
      adsnote = {Provided by the SAO/NASA Astrophysics Data System}
}

@ARTICLE{1997ApJ...479..839P,
       author = {{Palumbo}, M.~E. and {Geballe}, T.~R. and {Tielens}, A.~G.~G.~M.},
        title = "{Solid Carbonyl Sulfide (OCS) in Dense Molecular Clouds}",
      journal = {The Astrophysical Journal},
     keywords = {Infrared: ISM: Lines and Bands, ISM: Clouds, ISM: Molecules, Line: Identification, Molecular Processes},
         year = 1997,
        month = apr,
       volume = {479},
       number = {2},
        pages = {839-844},
          doi = {10.1086/303905},
       adsurl = {https://ui.adsabs.harvard.edu/abs/1997ApJ...479..839P},
      adsnote = {Provided by the SAO/NASA Astrophysics Data System}
}

@ARTICLE{1995ApJ...449..674P,
       author = {{Palumbo}, M.~E. and {Tielens}, A.~G.~G.~M. and {Tokunaga}, A.~T.},
        title = "{Solid Carbonyl Sulphide (OCS) in W33A}",
      journal = {The Astrophysical Journal},
     keywords = {INFRARED: ISM: LINES AND BANDS, ISM: CLOUDS, ISM: INDIVIDUAL ALPHANUMERIC: W33, ISM: MOLECULES, LINE IDENTIFICATIONS, MOLECULAR PROCESSES},
         year = 1995,
        month = aug,
       volume = {449},
        pages = {674},
          doi = {10.1086/176088},
       adsurl = {https://ui.adsabs.harvard.edu/abs/1995ApJ...449..674P},
      adsnote = {Provided by the SAO/NASA Astrophysics Data System}
}

@ARTICLE{1991ApJ...376..556L,
       author = {{Lacy}, J.~H. and {Carr}, J.~S. and {Evans}, Neal J., II and {Baas}, F. and {Achtermann}, J.~M. and {Arens}, J.~F.},
        title = "{Discovery of Interstellar Methane: Observations of Gaseous and Solid CH 4 Absorption toward Young Stars in Molecular Clouds}",
      journal = {The Astrophysical Journal},
     keywords = {Cosmic Gases, Interstellar Matter, Methane, Molecular Clouds, Abundance, Early Stars, Infrared Spectra, Solidified Gases, Astrophysics, INFRARED: SPECTRA, INTERSTELLAR: ABUNDANCES, INTERSTELLAR: MOLECULES},
         year = 1991,
        month = aug,
       volume = {376},
        pages = {556},
          doi = {10.1086/170304},
       adsurl = {https://ui.adsabs.harvard.edu/abs/1991ApJ...376..556L},
      adsnote = {Provided by the SAO/NASA Astrophysics Data System}
}

@ARTICLE{1991A&A...243..473G,
       author = {{Grim}, R.~J.~A. and {Baas}, F. and {Geballe}, T.~R. and {Greenberg}, J.~M. and {Schutte}, W.~A.},
        title = "{Detection of solid methanol toward W 33A.}",
      journal = {Astronomy and Astrophysics},
     keywords = {Absorption Spectra, Early Stars, Interstellar Matter, Methyl Alcohol, Abundance, Astronomical Spectroscopy, Infrared Spectra, Photochemical Reactions, Astrophysics},
         year = 1991,
        month = mar,
       volume = {243},
        pages = {473},
       adsurl = {https://ui.adsabs.harvard.edu/abs/1991A&A...243..473G},
      adsnote = {Provided by the SAO/NASA Astrophysics Data System}
}

@ARTICLE{1989A&A...223L...5D,
       author = {{D'Hendecourt}, L.~B. and {Jourdain de Muizon}, M.},
        title = "{The discovery of interstellar carbon dioxide.}",
      journal = {Astronomy and Astrophysics},
     keywords = {Carbon Dioxide, Infrared Spectra, Interstellar Gas, Molecular Clouds, Absorption Spectra, Abundance, Astronomical Spectroscopy, Infrared Astronomy Satellite, Water, Astrophysics},
         year = 1989,
        month = oct,
       volume = {223},
        pages = {L5-L8},
       adsurl = {https://ui.adsabs.harvard.edu/abs/1989A&A...223L...5D},
      adsnote = {Provided by the SAO/NASA Astrophysics Data System}
}

@ARTICLE{1979ApJ...232L..53S,
       author = {{Soifer}, B.~T. and {Puetter}, R.~C. and {Russell}, R.~W. and {Willner}, S.~P. and {Harvey}, P.~M. and {Gillett}, F.~C.},
        title = "{The 4 - 8 micron spectrum of the infrared source W33 A.}",
      journal = {The Astrophysical Journal},
     keywords = {Absorption Spectra, Carbon Monoxide, Infrared Astronomy, Infrared Spectrophotometers, Interstellar Matter, Radiation Sources, Graphs (Charts), Silicates, Tables (Data), Astrophysics, Carbon Monoxide:Infrared Sources, Infrared Sources:Infrared Spectra, Infrared Sources:Interstellar Matter},
         year = 1979,
        month = aug,
       volume = {232},
        pages = {L53-L57},
          doi = {10.1086/183035},
       adsurl = {https://ui.adsabs.harvard.edu/abs/1979ApJ...232L..53S},
      adsnote = {Provided by the SAO/NASA Astrophysics Data System}
}

@ARTICLE{1973ApJ...179..483G,
       author = {{Gillett}, F.~C. and {Forrest}, W.~J.},
        title = "{Spectra of the Becklin-Neugebauer point source and the Kleinmann-Low nebula from 2.8 to 13.5 microns.}",
      journal = {The Astrophysical Journal},
         year = 1973,
        month = jan,
       volume = {179},
        pages = {483},
          doi = {10.1086/151888},
       adsurl = {https://ui.adsabs.harvard.edu/abs/1973ApJ...179..483G},
      adsnote = {Provided by the SAO/NASA Astrophysics Data System}
}

